@Manual{R-base,
  title = {R: A Language and Environment for Statistical Computing},
  author = {{R Core Team}},
  organization = {R Foundation for Statistical Computing},
  address = {Vienna, Austria},
  year = {2020},
  url = {https://www.R-project.org/},
}

@Online{BARDA,
        Title     = {BARDA Community Challenge - Pediatric COVID-19 Data Challenge},
        Author    = {BARDA Community, },
        Url       = {https://www.synapse.org/#!Synapse:syn25875374/wiki/},
        Year      = {2021},
        Month     = {October},
        Urldate   = {2021-10-15}
        
    }
@Online{MLM,
        Title     = {A Gentle Introduction to the Fbeta-Measure for Machine Learning},
        Author    = {Machine Learning Mastery,},
        Url       = {https://machinelearningmastery.com/fbeta-measure-for-machine-learning/},
        Year      = {2021},
        Month     = {October},
        Urldate   = {2021-10-15}
        
    }
@Online{scikit_learn,
        Title     = {Scikit Learn Documentation, fbeta_score},
        Author    = {Scikit Learn,},
        Url       = {https://scikit-learn.org/stable/modules/generated/sklearn.metrics.fbeta_score.html},
        Year      = {2021},
        Month     = {October},
        Urldate   = {2021-10-15}
    }
@Online{vidhya_NB,
        Title     = {6 Easy Steps to Learn Naive Bayes Algorithm with codes in Python and R},
        Author    = {Analytics Vidhya,},
        Url       = {https://www.analyticsvidhya.com/blog/2017/09/naive-bayes-explained/},
        Year      = {2021},
        Month     = {October},
        Urldate   = {2021-10-15}
    }
@Online{wikipedia,
        Title     = {Support-vector machine},
        Author    = {Wikipedia,},
        Url       = {https://en.wikipedia.org/wiki/Support-vector_machine},
        Year      = {2021},
        Month     = {October},
        Urldate   = {2021-10-15}
    }
@book{james2013introduction,
  title={An introduction to statistical learning},
  author={James, Gareth and Witten, Daniela and Hastie, Trevor and Tibshirani, Robert},
  volume={112},
  year={2013},
  publisher={Springer}
}
@article{dominguez2021bayesian,
  title={A Bayesian Model to Predict COVID-19 Severity in Children},
  author={Dominguez-Rodriguez, Sara and Villaverde, Serena and Sanz-Santaeufemia, Francisco J and Grasa, Carlos and Soriano-Arandes, Antoni and Saavedra-Lozano, Jes{\'u}s and Fumad{\'o}, Victoria and Epalza, Cristina and Serna-Pascual, Miquel and Alonso-Cadenas, Jos{\'e} A and others},
  journal={The Pediatric Infectious Disease Journal},
  volume={40},
  number={8},
  pages={e287--e293},
  year={2021},
  publisher={Wolters Kluwer}
}
@article{ansari2021identifying,
  title={Identifying the predictors of Covid-19 infection outcomes and development of prediction models},
  author={Ansari, Rashid M and Baker, Peter},
  journal={Journal of infection and public health},
  volume={14},
  number={6},
  pages={751--756},
  year={2021},
  publisher={Elsevier}
}
@inproceedings{majumder2021intelligent,
  title={An intelligent system for prediction of COVID-19 case using machine learning framework-logistic regression},
  author={Majumder, Annwesha Banerjee and Gupta, Somsubhra and Singh, Dharmpal and Majumder, Sourav},
  booktitle={Journal of Physics: Conference Series},
  volume={1797},
  number={1},
  pages={012011},
  year={2021},
  organization={IOP Publishing}
}
@article{theerthagiri2021prediction,
  title={Prediction of COVID-19 Possibilities using K-Nearest Neighbour Classification Algorithm},
  author={Theerthagiri, Prasannavenkatesan and Jeena Jacob, I and Usha Ruby, A and Yendapalli, Vamsidhar},
  journal={Int J Cur Res Rev| Vol},
  volume={13},
  number={06},
  pages={156},
  year={2021}
}
@article{aljameel2021machine,
  title={Machine Learning-Based Model to Predict the Disease Severity and Outcome in COVID-19 Patients},
  author={Aljameel, Sumayh S and Khan, Irfan Ullah and Aslam, Nida and Aljabri, Malak and Alsulmi, Eman S},
  journal={Scientific Programming},
  volume={2021},
  year={2021},
  publisher={Hindawi}
}
@incollection{guhathakurata2021novel,
  title={A novel approach to predict COVID-19 using support vector machine},
  author={Guhathakurata, Soham and Kundu, Souvik and Chakraborty, Arpita and Banerjee, Jyoti Sekhar},
  booktitle={Data Science for COVID-19},
  pages={351--364},
  year={2021},
  publisher={Elsevier}
}
@article{sofaer2019area,
  title={The area under the precision-recall curve as a performance metric for rare binary events},
  author={Sofaer, Helen R and Hoeting, Jennifer A and Jarnevich, Catherine S},
  journal={Methods in Ecology and Evolution},
  volume={10},
  number={4},
  pages={565--577},
  year={2019},
  publisher={Wiley Online Library}
}


    
    
    
    
